%% This BibTeX bibliography file was created using BibDesk.
%% http://bibdesk.sourceforge.net/


%% Created for Johannes Geismann at 2014-01-16 21:30:53 +0100 


%% Saved with string encoding Unicode (UTF-8) 
@article{Gerking,
author = {Gerking, Christopher and Dziwok, Stefan and Heinzemann, Christian},
file = {:D$\backslash$:/Dokumente/Studium/Semester 7/PG/Seminar thesis/Literature/GDHW14\_submission.pdf:pdf},
keywords = {ability,mechatronic systems,mechatronic uml,model checking,model transformation,trace-,uppaal,verification},
title = {{Bridging Gaps between Design Models and Verification via Traceable Model Transformations}}

}
@INPROCEEDINGS{ACD90,
     author = {Alur, Rajeev and Courcoubetis, Costas and Dill, David L.},
      month = jun,
      title = {Model-Checking for Real-Time Systems},
  booktitle = {LICS '90},
       year = {1990},
      pages = {414-425},
  publisher = {IEEE Computer Society Press},
    address = {Philadelphia, USA}
}


@booklet{keskin09,
	Author = {Ugur Keskin},
	Date-Added = {2014-01-16 20:06:54 +0000},
	Date-Modified = {2014-01-16 20:08:26 +0000},
	Howpublished = {Technische Universiteit Eindhoven},
	Title = {In-Vehicle Communication Networks: A Literature Survey},
	Year = {2009}}

@article{eyisi13,
	Author = {Emeka Eyisi and Zhenkai Zhang and Xenofon Koutsoukos and Joseph Porter and Gabor Karsai and Janos Sztipanovits},
	Date-Added = {2014-01-16 17:17:55 +0000},
	Date-Modified = {2014-01-16 20:30:53 +0000},
	Journal = {Journal of Control Science and Engineering},
	Number = {678016},
	Title = {Model-Based Control Design and Integration of Cyberphysical Systems: An Adaptive Cruise Control Case Study},
	Volume = {2013},
	Year = {2013}}

@unpublished{mumlTechReport,
	Author = {Steffen Becker and Stefan Dziwok and Christopher Gerking and Christian Heinzemann and Wilhelm Sch{\"a}fer and Matthias Meyer and Uwe Pohlmann and Claudia Priesterjahn and Matthias Tichy},
	Date = {October 31, 2013},
	Institution = {University of Paderborn, Fraunhofer IPT, Chalmers Technical University, University of Gothenburg},
	Month = oct,
	Note = {Version 0.4},
	Title = {The {MechatronicUML} Design Method -- Process and Language for Platform-Independent Modeling},
	Type = {Technical Report},
	Version = {0.4},
	Year = {2013}}

@incollection{ferdinand2004ait,
	Author = {Ferdinand, Christian and Heckmann, Reinhold},
	Booktitle = {Building the Information Society},
	Pages = {377--383},
	Publisher = {Springer},
	Title = {ait: Worst-case execution time prediction by static program analysis},
	Year = {2004}}

@mastersthesis{Ger13,
	Author = {Gerking, Christopher},
	Month = may,
	School = {University of Paderborn},
	Title = {Transparent {Uppaal}-based Verifcation of {MechatronicUML} Models},
	Type = {Master's Thesis},
	Year = {2013}}

@mastersthesis{Hir04,
	Author = {Hirsch, Martin},
	Month = jun,
	School = {University of Paderborn},
	Timestamp = {2014.01.13},
	Title = {{Effizientes Model Checking von UML-RT Modellen und Realtime Statecharts mit UPPAAL}},
	Type = {Diploma Thesis},
	Year = {2004}}

@mastersthesis{Huewe2013,
	Author = {H\"{u}we, Marcus},
	Number = {6502441},
	School = {Universit\"{a}t Paderborn},
	Title = {{Das Verteilungsproblem f\"{u}r mechatronische Systeme}},
	Type = {Bachelor's Thesis},
	Year = {2013}}

@mastersthesis{Geismann2013,
	Author = {Geismann, Johannes},
	Number = {6497711},
	School = {Universit\"{a}t Paderborn},
	Title = {{Codegenerierung f\"{u}r LEGO Mindstorms - Roboter}},
	Type = {Bachelor's Thesis},
	Year = {2013}}

@mastersthesis{Dann2013,
	Author = {Dann, Andreas},
	Number = {April 2013},
	Title = {{Ein Plattform-Beschreibungsmodell f\"{u}r die Software-Verteilungsplanung mechatronischer Systeme}},
	Type = {Bachelor's Thesis}}

@mastersthesis{Kriger2013,
	Author = {Kriger, Artur},
	School = {Universit\"{a}t Paderborn},
	Title = {{Modellierung von Konnektor- und Nachrichtenpuffereigenschaften in MechatronicUML}},
	Type = {Bachelor's Thesis},
	Year = {2013}}

@inproceedings{MAST,
	Author = {Pasaje, J.L.M. and Harbour, M.G. and Drake, J.M.},
	Booktitle = {Real-Time Systems Symposium, 2001. (RTSS 2001). Proceedings. 22nd IEEE},
	Doi = {10.1109/REAL.2001.990618},
	Keywords = {computer aided software engineering;discrete event simulation;object-oriented programming;processor scheduling;real-time systems;software tools;specification languages;timing;MAST RT View;MAST Real-Time View;UML CASE tool;discrete-event simulation;graphic UML tool;hardware/software platform;logical components;object-oriented real-time system modeling;processing capacity;timing behavior;timing responses;workload;worst-case schedulability analysis;Buildings;Computer aided software engineering;Data analysis;Feeds;Graphics;Hardware;Object oriented modeling;Real time systems;Timing;Unified modeling language},
	Pages = {245-256},
	Title = {MAST Real-Time View: a graphic UML tool for modeling object-oriented real-time systems},
	Year = {2001},
	Bdsk-Url-1 = {http://dx.doi.org/10.1109/REAL.2001.990618}}

@book{SVB+06,
	Author = {Stahl, Thomas and V{\"{o}}lter, Markus and Bettin, Jorn and Haase, Arno and Helsen, Simon},
	Isbn = {978-0-470-02570-3},
	Pages = {I-XVI, 1-428},
	Publisher = {Pitman},
	Title = {Model-driven software development - technology, engineering, management},
	Url = {http://books.google.de/books?id=I6lrQgAACAAJ \nhttp://eu.wiley.com/WileyCDA/WileyTitle/productCd-0470025700.html},
	Year = {2006},
	Bdsk-Url-1 = {http://books.google.de/books?id=I6lrQgAACAAJ%20%5Cnhttp://eu.wiley.com/WileyCDA/WileyTitle/productCd-0470025700.html}}

@techreport{Lee08,
	Author = {Lee, Edward A.},
	Institution = {EECS Department, University of California, Berkeley},
	Month = {Jan},
	Number = {UCB/EECS-2008-8},
	Title = {Cyber Physical Systems: Design Challenges},
	Url = {http://www.eecs.berkeley.edu/Pubs/TechRpts/2008/EECS-2008-8.html},
	Year = {2008},
	Bdsk-Url-1 = {http://www.eecs.berkeley.edu/Pubs/TechRpts/2008/EECS-2008-8.html}}

@misc{UML2010,
author = {OMG},
title = {{Unified Modeling Language (UML) 2.3 Superstructure Specification}},
year = {2010}
}

@unpublished{OA_Rose,
    Author = {Rose, Mario},
    Title = {{M}odellgetriebene {G}enerierung von {API}-{K}onnektoren f√ºr eingebettete {S}ensoren und {A}ktuatoren},
    Year = {2013},
    Note = {Bachelor's thesis objective agreement}
}

@techreport{MDA2003,
author = {OMG},
title = {{MDA Guide Version 1.0. 1}},
url = {http://scholar.google.com/scholar?hl=en&btnG=Search&q=intitle:MDA+Guide+Version+1.0#0},
year = {2003}
}

@book{ModelChecking,
address = {Cambridge, Mass. [u.a.] : MIT Press},
author = {Clarke, Edmund M. and Grumberg, Orna and Peled, Doron},
edition = {6.},
isbn = {0-262-03270-8, 9780262032704, 0262032708},
publisher = {MIT Press},
title = {{Model Checking}},
url = {http://ubprp2/records/PAD_ALEPH000947912},
year = {2006}
}

@book{bengtsson1996uppaal,
  title={UPPAAL -- a tool suite for automatic verification of real-time systems},
  author={Bengtsson, Johan and Larsen, Kim and Larsson, Fredrik and Pettersson, Paul and Yi, Wang},
  year={1996},
  publisher={Springer}
}

